<?xml version='1.0'?>
<collection xmlns='http://www.loc.gov/MARC21/slim' xmlns:xsi='http://www.w3.org/2001/XMLSchema-instance' xsi:schemaLocation='http://www.loc.gov/MARC21/slim http://www.loc.gov/standards/marcxml/schema/MARC21slim.xsd'>
<record>
  <leader>02635cam a2200421 i 4500</leader>
  <controlfield tag='001'>864304680</controlfield>
  <controlfield tag='003'>OCoLC</controlfield>
  <controlfield tag='005'>20140429084755.0</controlfield>
  <controlfield tag='008'>131127s2013    dcua     b   f000 0 eng c</controlfield>
  <datafield tag='019' ind1=' ' ind2=' '>
    <subfield code='a'>tmp97417582</subfield>
  </datafield>
  <datafield tag='040' ind1=' ' ind2=' '>
    <subfield code='a'>GPO</subfield>
    <subfield code='b'>eng</subfield>
    <subfield code='e'>rda</subfield>
    <subfield code='c'>GPO</subfield>
    <subfield code='d'>GPO</subfield>
    <subfield code='d'>SEN</subfield>
    <subfield code='d'>GPO</subfield>
    <subfield code='d'>UOI</subfield>
    <subfield code='d'>GPO</subfield>
    <subfield code='d'>MvI</subfield>
  </datafield>
  <datafield tag='042' ind1=' ' ind2=' '>
    <subfield code='a'>pcc</subfield>
  </datafield>
  <datafield tag='043' ind1=' ' ind2=' '>
    <subfield code='a'>n-us---</subfield>
  </datafield>
  <datafield tag='050' ind1='1' ind2='4'>
    <subfield code='a'>KF27</subfield>
    <subfield code='b'>.P89624 2013b</subfield>
  </datafield>
  <datafield tag='074' ind1=' ' ind2=' '>
    <subfield code='a'>1024-A-01</subfield>
  </datafield>
  <datafield tag='086' ind1='0' ind2=' '>
    <subfield code='a'>Y 4.T 68/2:113-15</subfield>
  </datafield>
  <datafield tag='110' ind1='1' ind2=' '>
    <subfield code='a'>United States.</subfield>
    <subfield code='b'>Congress.</subfield>
    <subfield code='b'>House.</subfield>
    <subfield code='b'>Committee on Transportation and Infrastructure.</subfield>
    <subfield code='b'>Subcommittee on Aviation,</subfield>
    <subfield code='0'>http://id.loc.gov/authorities/names/no95026962</subfield>
    <subfield code='e'>author.</subfield>
  </datafield>
  <datafield tag='245' ind1='1' ind2='0'>
    <subfield code='a'>Review of the FAA&apos;s progress in implementing the FAA Modernization and Reform Act  :</subfield>
    <subfield code='b'>hearing before the Subcommittee on Aviation of the Committee on Transportation and Infrastructure, House of Representatives, one Hundred Thirteenth Congress, First Session, May 16, 2013.</subfield>
  </datafield>
  <datafield tag='264' ind1=' ' ind2='1'>
    <subfield code='a'>Washington :</subfield>
    <subfield code='b'>U.S. Government Printing Office,</subfield>
    <subfield code='c'>2013.</subfield>
  </datafield>
  <datafield tag='264' ind1=' ' ind2='2'>
    <subfield code='a'>Washington, District of Columbia :</subfield>
    <subfield code='b'>For sale by the Superintendent of Documents, U.S. Government Printing Office</subfield>
  </datafield>
  <datafield tag='300' ind1=' ' ind2=' '>
    <subfield code='a'>viii, 140 pages :</subfield>
    <subfield code='b'>illustrations ;</subfield>
    <subfield code='c'>24 cm</subfield>
  </datafield>
  <datafield tag='336' ind1=' ' ind2=' '>
    <subfield code='a'>text</subfield>
    <subfield code='2'>rdacontent</subfield>
  </datafield>
  <datafield tag='337' ind1=' ' ind2=' '>
    <subfield code='a'>unmediated</subfield>
    <subfield code='2'>rdamedia</subfield>
  </datafield>
  <datafield tag='338' ind1=' ' ind2=' '>
    <subfield code='a'>volume</subfield>
    <subfield code='2'>rdacarrier</subfield>
  </datafield>
  <datafield tag='500' ind1=' ' ind2=' '>
    <subfield code='a'>Shipping list no.: 2014-0058-P.</subfield>
  </datafield>
  <datafield tag='500' ind1=' ' ind2=' '>
    <subfield code='a'>&quot;113-15.&quot;</subfield>
  </datafield>
  <datafield tag='504' ind1=' ' ind2=' '>
    <subfield code='a'>Includes bibliographical references.</subfield>
  </datafield>
  <datafield tag='530' ind1=' ' ind2=' '>
    <subfield code='a'>Also available via the Internet from the GPO Access web site. Address as of 01/16/14: http://purl.fdlp.gov/GPO/gpo41775  ; current access is available via PURL.</subfield>
  </datafield>
  <datafield tag='610' ind1='1' ind2='0'>
    <subfield code='a'>United States.</subfield>
    <subfield code='b'>Federal Aviation Administration.</subfield>
    <subfield code='0'>http://id.loc.gov/authorities/names/n79034443</subfield>
  </datafield>
  <datafield tag='610' ind1='1' ind2='0'>
    <subfield code='a'>United States.</subfield>
    <subfield code='b'>Federal Aviation Administration</subfield>
    <subfield code='0'>http://id.loc.gov/authorities/names/n79034443</subfield>
    <subfield code='x'>Appropriations and expenditures.</subfield>
    <subfield code='0'>http://id.loc.gov/authorities/subjects/sh2002007884</subfield>
  </datafield>
  <datafield tag='650' ind1=' ' ind2='0'>
    <subfield code='a'>Aeronautics, Commercial</subfield>
    <subfield code='x'>Law and legislation</subfield>
    <subfield code='z'>United States.</subfield>
    <subfield code='0'>http://id.loc.gov/authorities/subjects/sh2007100700</subfield>
  </datafield>
  <datafield tag='776' ind1='0' ind2='8'>
    <subfield code='i'>Microfiche version:</subfield>
    <subfield code='a'>United States. Congress. House. Committee on Transportation and Infrastructure. Subcommittee on Aviation.</subfield>
    <subfield code='t'>Review of the FAA&apos;s progress in implementing the FAA Modernization and Reform Act</subfield>
    <subfield code='w'>(OCoLC)878530581</subfield>
  </datafield>
  <datafield tag='776' ind1='0' ind2='8'>
    <subfield code='i'>Online version:</subfield>
    <subfield code='a'>United States. Congress. House. Committee on Transportation and Infrastructure. Subcommittee on Aviation.</subfield>
    <subfield code='t'>Review of the FAA&apos;s progress in implementing the FAA Modernization and Reform Act</subfield>
    <subfield code='w'>(OCoLC)864304539</subfield>
  </datafield>
  <datafield tag='856' ind1='4' ind2='1'>
    <subfield code='3'>PDF version:</subfield>
    <subfield code='u'>http://purl.fdlp.gov/GPO/gpo41775</subfield>
  </datafield>
  <datafield tag='919' ind1=' ' ind2=' '>
    <subfield code='a'>dwsgpo</subfield>
  </datafield>
  <datafield tag='907' ind1=' ' ind2=' '>
    <subfield code='a'>b7655176</subfield>
  </datafield>
  <datafield tag='999' ind1='9' ind2='1'>
    <subfield code='i'>i10194042</subfield>
    <subfield code='l'>dcpf</subfield>
    <subfield code='s'>-</subfield>
    <subfield code='t'>20</subfield>
    <subfield code='c'>1</subfield>
    <subfield code='o'>0</subfield>
    <subfield code='h'>0</subfield>
    <subfield code='b'>00047786813</subfield>
    <subfield code='p'>0860#</subfield>
    <subfield code='q'>|aY 4.T 68/2:113-15</subfield>
  </datafield>
  <datafield tag='999' ind1='0' ind2='0'>
    <subfield code='a'>2014-06-05 00:00:00-04</subfield>
    <subfield code='c'>2014-01-10 14:23:18-05</subfield>
    <subfield code='u'>2020-05-05 16:44:23-04</subfield>
    <subfield code='m'>a</subfield>
  </datafield>
</record>
</collection>
